% Encoding: UTF-8
@Article{KhalilCre1997,
  author    = {Khalil, Wisama and Creusot, Denis},
  title     = {Symoro+: A system for the symbolic modelling of robots},
  doi       = {10.1017/S0263574797000180},
  number    = {2},
  pages     = {153–161},
  volume    = {15},
  journal   = {Robotica},
  publisher = {Cambridge University Press},
  year      = {1997},
}

@InProceedings{KhalilVijKhoMuk2014,
  author      = {Khalil, Wisama and Vijayalingam, Aravindkumar and Khomutenko, Bogdan and Mukhanov, Izzatbek and Lemoine, Philippe and Ecorchard, Gaël},
  booktitle   = {IEEE/ASME Int. Conf. on Advanced Intelligent Mechatronics},
  title       = {{OpenSYMORO}: An open-source software package for Symbolic Modelling of Robots},
  doi         = {10.1109/AIM.2014.6878246},
  pages       = {1206-1211},
  address     = {Besançon, France},
  month       = Jul,
  year        = {2014},
  note        = {https://github.com/symoro/symoro},
}

@Book{SaminFis2003,
  author    = {Samin, Jean-Claude and Fisette, Paul},
  title     = {Symbolic modeling of multibody systems},
  doi       = {10.1007/978-94-017-0287-4},
  publisher = {Springer Science \& Business Media},
  series    = {Solid Mechanics and Its Applications},
  volume    = {112},
  year      = {2003},
}

@Article{ZobovaHabVanDal2017,
  author    = {Zobova, Alexandra A. and Habra, Timoth{\'e}e and Van der Noot, Nicolas and Dallali, Houman and Tsagarakis, Nikolaos G. and Fisette, Paul and Ronsse, Renaud},
  title     = {Multi-physics modelling of a compliant humanoid robot},
  doi       = {10.1007/s11044-016-9545-4},
  issn      = {1573-272X},
  number    = {1},
  pages     = {95--114},
  volume    = {39},
  day       = {01},
  journal   = {Multibody System Dynamics},
  month     = {Jan},
  year      = {2017},
}

@InProceedings{BethgeMalTsaCal2017,
  author       = {Bethge, Stefan and Malzahn, Jörn and Tsagarakis, Nikolaos and Caldwell, Darwin},
  booktitle    = {Int. Conf. on Robotics in Alpe-Adria Danube Region},
  title        = {{FloBaRoID} -- a software package for the identification of robot dynamics parameters},
  doi          = {10.1007/978-3-319-61276-8\_18},
  organization = {Springer},
  pages        = {156--165},
  year         = {2017},
  note         = {project homepage: https://github.com/kjyv/FloBaRoID},
}

@Article{Docquier2013,
  author    = {Docquier, Nicolas and Poncelet, Antoine and Fisette, Paul},
  title     = {ROBOTRAN: a powerful symbolic gnerator of multibody models},
  doi       = {10.5194/ms-4-199-2013},
  number    = {1},
  pages     = {199--219},
  volume    = {4},
  journal   = {Mechanical Sciences},
  publisher = {Copernicus GmbH},
  year      = {2013},
  note      = {https://www.robotran.be/},
}

@Article{FisettePosSasSam2002,
  author    = {Fisette, Paul and Postiau, T and Sass, L and Samin, Jean-Claude},
  title     = {Fully symbolic generation of complex multibody models},
  journal   = {Mechanics of Structures and Machines},
  volume    = {30},
  number    = {1},
  pages     = {31-82},
  publisher = {Taylor \& Francis},
  year      = {2002},
  doi       = {10.1081/SME-120001477},
}

@Article{KurzEbeHenSch2010,
  author    = {Kurz, Th and Eberhard, P and Henninger, C and Schiehlen, W},
  title     = {From {Neweul} to {Neweul-M$^2$}: Symbolical equations of motion for multibody system analysis and synthesis},
  number    = {1},
  pages     = {25--41},
  volume    = {24},
  journal   = {Multibody System Dynamics},
  publisher = {Springer},
  year      = {2010},
  doi       = {10.1007/s11044-010-9187-x},
  note      = {project homepage: https://www.itm.uni-stuttgart.de/software/neweul-m/}
}

@Article{WangGonMunFis2019,
  author       = {Yan Wang and Radian Gondokaryono and Adnan Munawar and Gregory Scott Fischer},
  date         = {Oct. 2019},
  journal      = {IEEE Robotics and Automation Letters},
  title        = {A Convex Optimization-Based Dynamic Model Identification Package for the da {V}inci Research Kit},
  doi          = {10.1109/LRA.2019.2927947},
  issn         = {2377-3774},
  issue        = {4},
  pages        = {3657--3664},
  volume       = {4},
  publisher    = {IEEE},
  year         = {2019},
  note         = {project homepage: https://github.com/WPI-AIM/dvrk\_dynamics\_identification}
}

@Article{ShiMcP2000,
  author    = {Shi, Pengfei and McPhee, John},
  title     = {Dynamics of flexible multibody systems using virtual work and linear graph theory},
  doi       = {10.1023/A:1009841017268},
  number    = {4},
  pages     = {355--381},
  volume    = {4},
  journal   = {Multibody System Dynamics},
  publisher = {Springer},
  year      = {2000},
}

@InProceedings{SousaCor2012,
  author    = {Sousa, Cristóvão D and Cortesão, Rui},
  booktitle = {Proc. 27th Annu. ACM Symp. Applied Computing},
  title     = {{SageRobotics}: open source framework for symbolic computation of robot models},
  doi       = {10.1145/2245276.2245329},
  pages     = {262--267},
  groups    = {DynamikToolbox_MapleConf2020},
  year      = {2012},
  note      = {project homepage (successor): https://github.com/cdsousa/SymPyBotics},
}

@Article{Corke1998,
  author    = {Corke, Peter I.},
  title     = {A symbolic and numeric procedure for manipulator rigid-body dynamic significance analysis and simplification},
  doi       = {10.1017/S0263574798000769},
  number    = {5},
  pages     = {589–594},
  volume    = {16},
  journal   = {Robotica},
  publisher = {Cambridge University Press},
  year      = {1998},
}

@Report{Robotran2020,
  author = {Robotran},
  date   = {2020},
  title  = {Modeling Multibody Systems with ROBOTRAN},
  url    = {http://robotran-doc.git-page.immc.ucl.ac.be/RobotranBasic/Robotran\_basics.pdf},
}

@Article{WilsonAruBroHon2014,
  author    = {Wilson, Greg and Aruliah, Dhavide A and Brown, C Titus and Hong, Neil P Chue and Davis, Matt and Guy, Richard T and Haddock, Steven HD and Huff, Kathryn D and Mitchell, Ian M and Plumbley, Mark D and others},
  title     = {Best practices for scientific computing},
  doi       = {10.1371/journal.pbio.1001745},
  number    = {1},
  pages     = {e1001745},
  volume    = {12},
  journal   = {PLoS biology},
  publisher = {Public Library of Science},
  timestamp = {2018-03-12},
  year      = {2014},
}

@Conference{SchapplerLilHad2019,
  author    = {Schappler, Moritz and Lilge, Torsten and Haddadin, Sami},
  title     = {Kinematics and Dynamics Model via Explicit Direct and Trigonometric Elimination of Kinematic Constraints},
  booktitle = {Proc. of the 15th IFToMM World Congress},
  year      = {2019},
  doi       = {10.1007/978-3-030-20131-9\_311},
}

@Book{KhalilDom2002,
  author    = {W. Khalil and E. Dombre},
  title     = {Modeling, Identification and Control of Robots},
  year      = {2002},
  publisher = {Hermes Penton Science},
  doi       = {10.1016/B978-1-903996-66-9.X5000-3},
}

@Book{KongGos2007,
  author    = {Kong, Xianwen and Gosselin, Clément M.},
  title     = {Type synthesis of parallel mechanisms},
  year      = {2007},
  publisher = {Springer Publishing Company, Incorporated},
  doi       = {10.1007/978-3-540-71990-8},
}

@InProceedings{DoThanhKotHeiOrt2009b,
  author       = {Do Thanh, Trung and Kotlarski, Jens and Heimann, Bodo and Ortmaier, Tobias},
  booktitle    = {IEEE Int. Conf. on Mechatronics},
  title        = {On the inverse dynamics problem of general parallel robots},
  doi          = {10.1109/ICMECH.2009.4957202},
  pages        = {1--6},
  year         = {2009},
}

@InProceedings{ChablatMorRouWen2020,
  author    = {Chablat, Damien and Moroz, Guillaume and Rouillier, Fabrice and Wenger, Philippe},
  booktitle = {Maple in Mathematics Education and Research},
  title     = {Using Maple to Analyse Parallel Robots},
  year      = {2020},
  address   = {Cham},
  editor    = {Gerhard, Jürgen and Kotsireas, Ilias},
  pages     = {50--64},
  publisher = {Springer International Publishing},
  doi       = {10.1007/978-3-030-41258-6\_4},
  isbn      = {978-3-030-41258-6},
}

@Book{Gogu2008,
  author    = {Gogu, Grigore},
  title     = {Structural Synthesis of Parallel Robots, Part 1: Methodology},
  doi       = {10.1007/978-1-4020-5710-6},
  publisher = {Springer},
  volume    = {866},
  year      = {2008},
}


@Article{AbdellatifHei2009,
  author    = {Abdellatif, Houssem and Heimann, Bodo},
  title     = {Computational efficient inverse dynamics of 6-{DOF} fully parallel manipulators by using the {L}agrangian formalism},
  doi       = {10.1016/j.mechmachtheory.2008.02.003},
  number    = {1},
  pages     = {192--207},
  volume    = {44},
  journal   = {Mechanism and Machine Theory},
  publisher = {Elsevier},
  year      = {2009},
}


@Article{Gogu2002,
  author    = {Gogu, Grigore},
  title     = {Families of 6{R} orthogonal robotic manipulators with only isolated and pseudo-isolated singularities},
  doi       = {10.1016/S0094-114X(02)00048-4},
  journal   = {Mechanism and Machine Theory},
  year      = {2002},
  volume    = {37},
  number    = {11},
  month     = nov,
  pages     = {1347--1375},
}


@InProceedings{KuoDai2010,
  author    = {Kuo, Chin-Hsing and Dai, Jian S.},
  booktitle = {Proc. of the ASME 2010 International Design Engineering Technical Conferences and Computers and Information in Engineering Conference},
  title     = {Structural Synthesis of Serial Robotic Manipulators Subject to Specific Motion Constraints},
  year      = {2010},
  address   = {Montreal},
  doi       = {10.1115/DETC2010-28947},
}

@PhdThesis{Ramirez2018,
  author      = {Daniel Andres Ramirez},
  title       = {Automatic generation of task-specific serial mechanisms using combined structural and dimensional synthesis},
  school      = {Gottfried Wilhelm Leibniz Universität Hannover, Germany},
  year        = {2018},
  doi         = {10.15488/4571},
}

@PhdThesis{Krefft2006,
  author    = {Krefft, M.},
  title     = {Aufgabenangepasste Optimierung von Parallelstrukturen für Maschinen in der Produktionstechnik},
  year      = {2006},
  school    = {Technische Universität Braunschweig, Germany},
  note      = {{ISBN} 3802786890, Vulkan-Verlag GmbH},
}

@Book{Merlet2006,
  title     = {Parallel robots},
  publisher = {Springer S.\,\&\,B. Media},
  year      = {2006},
  author    = {Merlet, Jean-Pierre},
  volume    = {128},
  series    = {Solid Mechanics and Its Applications},
  edition   = {2nd},
  doi       = {10.1007/1-4020-4133-0},
}


@Book{BriotKha2015,
  author    = {Briot, Sébastien and Khalil, Wisama},
  title     = {Dynamics of Parallel Robots},
  year      = {2015},
  volume    = {35},
  series    = {Mechan. Machine Science},
  publisher = {Springer},
  doi       = {10.1007/978-3-319-19788-3},
}


@Article{Corke2011,
  author    = {Corke, Peter},
  title     = {Robotics, Vision and Control},
  year      = {2011},
  doi       = {10.1007/978-3-642-20144-8},
  issn      = {1610-742X},
  isbn      = {http://id.crossref.org/isbn/978-3-642-20144-8},
  journal   = {Springer Tracts in Advanced Robotics},
  publisher = {Springer Berlin Heidelberg},
  note      = {the CodeGenerator extension was added by Jörn Malzahn, available at https://github.com/petercorke/robotics-toolbox-matlab/tree/master/@CodeGenerator; a Python version of the toolbox is under development at https://github.com/petercorke/robotics-toolbox-python},
}


@Electronic{Adams,
  author    = {{MSC Software Corporation}},
  title     = {{MSC Adams}},
  note      = {website, accessed Dec. 2nd 2020, https://www.mscsoftware.com/product/adams},
}

@Electronic{SimMechanics,
  author    = {{The MathWorks, Inc.}},
  title     = {{Matlab Simscape Multibody}},
  note      = {website, accessed Dec. 2nd 2020, https://mathworks.com/products/simmechanics.html},
}

@Electronic{MapleSim,
  author    = {{Waterloo Maple Inc.}},
  title     = {{MapleSim}},
  note      = {website, accessed Dec. 2nd 2020, https://maplesoft.com/products/maplesim/},
}


@Article{NetherySpo1994,
  author  = {J. F. {Nethery} and M. W. {Spong}},
  journal = {IEEE Robot. \& Automat. Mag.},
  title   = {Robotica: a {M}athematica package for robot analysis},
  year    = {1994},
  number  = {1},
  pages   = {13-20},
  volume  = {1},
  doi     = {10.1109/100.296449},
  note    = {github.com/RoboticSwarmControl/robotica},
}


@Book{Beck2003,
  author    = {Beck, Kent},
  publisher = {Addison-Wesley Professional},
  title     = {Test-driven development: by example},
  year      = {2003},
  isbn      = {0321146530},
}

@Electronic{Job2018_S759,
  author  = {Job, Tim-David},
  title   = {Implementierung einer strukturunabhängigen Dynamikmodellierung für parallelkinematische Maschinen},
  year    = {2018},
  note    = {Student thesis, supervisor: M. Schappler, Leibniz Universität Hannover, Germany},
  doi     = {10.15488/10244},
}

@Article{NakamuraGho1989,
  author  = {Nakamura, Yoshihiko and Ghodoussi, Modjtaba},
  title   = {Dynamics computation of closed-link robot mechanisms with nonredundant and redundant actuators},
  journal = {IEEE Transactions on Robotics and Automation},
  year    = {1989},
  doi     = {10.1109/70.34765},
}

@misc{Drake,
 author = {Russ Tedrake and the Drake Development Team},
 title = {Drake: Model-based design and verification for robotics},
 year = {2019},
 note = {project homepage: https://drake.mit.edu},
}


@Book{Featherstone2008,
  author    = {Roy Featherstone},
  title     = {Rigid Body Dynamics Algorithms},
  year      = {2008},
  publisher = {Springer Science \& Business Media},
  doi       = {10.1007/978-1-4899-7560-7},
}

@Article{RBDL,
  author={Felis, Martin L.},
  title={{RBDL}: an efficient rigid-body dynamics library using recursive algorithms},
  journal={Autonomous Robots},
  year={2016},
  pages={1--17},
  issn={1573-7527},
  doi={10.1007/s10514-016-9574-0},
  note = {project homepage: https://rbdl.github.io},
}
